@book{evans2011write,
  title={How to write a better thesis},
  author={Evans, David and Gruba, Paul and Zobel, Justin},
  year={2011},
  publisher={Melbourne Univ. Publishing}
}

@book{teher,
title= {Black’s Law Dictionary, 9th ed.},
author={ A. Garner,Bryan},
year={2009},
publisher={West}
}

@book{pil,
title= {Official website of United Nations Office on Drugs and Crime [Online]},
publisher={\url{https://www.unodc.org/unodc/en/moneylaundering/laundrycycle.html}}
}



@article{han2020artificial,
  title={Artificial intelligence for anti-money laundering: a review and extension},
  author={Han, Jingguang and Huang, Yuyun and Liu, Sha and Towey, Kieran},
  journal={Digital Finance},
  pages={1--29},
  year={2020},
  publisher={Springer}
}

@incollection{labib2020survey,
  title={Survey of Machine Learning Approaches of Anti-money Laundering Techniques to Counter Terrorism Finance},
  author={Labib, Nevine Makram and Rizka, Mohammed Abo and Shokry, Amr Ehab Muhammed},
  booktitle={Internet of Things—Applications and Future},
  pages={80},
  year={2020},
  publisher={Springer}
}

@inproceedings{wang2009research,
  title={Research on money laundering detection based on improved minimum spanning tree clustering and its application},
  author={Wang, Xingqi and Dong, Guang},
  booktitle={2009 Second international symposium on knowledge acquisition and modeling},
  volume={2},
  pages={62--64},
  year={2009},
  organization={IEEE}
}

@inproceedings{wang2007money,
  title={A money laundering risk evaluation method based on decision tree},
  author={Wang, Su-Nan and Yang, Jian-Gang},
  booktitle={2007 International Conference on Machine Learning and Cybernetics},
  volume={1},
  pages={283--286},
  year={2007},
  organization={IEEE}
}

@article{omar2013machine,
  title={Machine learning techniques for anomaly detection: an overview},
  author={Omar, Salima and Ngadi, Asri and Jebur, Hamid H},
  journal={International Journal of Computer Applications},
  volume={79},
  number={2},
  year={2013},
  publisher={Citeseer}
}

@inproceedings{le2010application,
  title={Application of data mining for anti-money laundering detection: A case study},
  author={Le Khac, Nhien An and Kechadi, M-Tahar},
  booktitle={2010 IEEE International Conference on Data Mining Workshops},
  pages={577--584},
  year={2010},
  organization={IEEE}
}
@article{larik2011clustering,
  title={Clustering based anomalous transaction reporting},
  author={Larik, Asma S and Haider, Sajjad},
  journal={Procedia Computer Science},
  volume={3},
  pages={606--610},
  year={2011},
  publisher={Elsevier}
}

@book{challenge,
title= {Synthetic Financial Datasets For Fraud Detection [Online]},
publisher ={\url{https://www.kaggle.com/ntnu-testimon/paysim1}}
}